@article{abrate86,
	title={The mechanics of short fiber-reinforced composites: a review},
	author={Abrate, S},
	journal={Rubber chemistry and technology},
	volume={59},
	number={3},
	pages={384--404},
	year={1986}
}
@article{halpin76,
	title={The {H}alpin-{T}sai equations: a review},
	author={Halpin, JC and Kardos, JL},
	journal={Polymer Engineering \& Science},
	volume={16},
	number={5},
	pages={344--352},
	year={1976},
	publisher={Wiley Online Library}
}
@article{eic06,
	title={Modelling the crystalline deformation of native and regenerated cellulose},
	author={Eichhorn, SJ and Davies, GR},
	journal={Cellulose},
	volume={13},
	number={3},
	pages={291--307},
	year={2006},
	publisher={Springer}
}
@book{tsai65,
	title={Strength characteristics of composite materials},
	author={Tsai, Stephen W},
	year={1965},
	publisher={NASA Washington, DC}
}

@article{mor15,
	title={Effects of fiber orientation and anisotropy on tensile strength and elastic modulus of short fiber reinforced polymer composites},
	author={Mortazavian, Seyyedvahid and Fatemi, Ali},
	journal={Composites part B: engineering},
	volume={72},
	pages={116--129},
	year={2015},
	publisher={Elsevier}
}
@article{fuc06,
	title={Microfibril reinforced polymer--polymer composites: Application of {Tsai-Hill} equation to PP/PET composites},
	author={Fuchs, C and Bhattacharyya, Debes and Fakirov, Stoyko},
	journal={Composites science and technology},
	volume={66},
	number={16},
	pages={3161--3171},
	year={2006},
	publisher={Elsevier}
}
@article{son21,
	title={Time-dependent elastic tensor of cellulose nanocrystal probed by hydrostatic pressure and uniaxial stretching},
	author={Song, Guangjie and Lancelon-Pin, Christine and Chen, Pan and Yu, Jian and Zhang, Jun and Su, Lei and Wada, Masahisa and Kimura, Tsunehisa and Nishiyama, Yoshiharu},
	journal={The Journal of Physical Chemistry Letters},
	volume={12},
	number={15},
	pages={3779--3785},
	year={2021},
	publisher={ACS Publications}
}
@misc{bogo13,
	author = {Beni Bogosel},
	title = {Distance from a point to an ellipsoid},
	year={2013},
	howpublished = {https://mathproblems123.wordpress.com/2013/10/17/distance-from-a-point-to-an-ellipsoid/},
	note = {(accessed: 05.13.2024)},
}
@book{aga17,
	title={Analysis and performance of fiber composites},
	author={Agarwal, Bhagwan D and Broutman, Lawrence J and Chandrashekhara, K},
	year={2017},
	publisher={John Wiley \& Sons}
}